@misc{levenshtein,
	title="Левенштейн В. И. Двоичные коды с исправлением выпадений, вставок и замещений символов",
	howpublished="Доклады АН СССР, 1965. Т. 163. С. 845– 848."
}


@misc{python,
	title="Welcome to Python [Электронный ресурс]",
	howpublished="Режим доступа: \url{https://docs.python.org} (дата обращения: 15.09.2024)"
}

@misc{python-time,
	title="time — Time access and conversions [Электронный ресурс]",
	howpublished="Режим доступа: \url{https://docs.python.org/3/library/time.html#functions} (дата обращения: 15.09.2024)"
}


@misc{ubuntu,
	title="Ubuntu 24.04.1 (Noble Numbat) [Электронный ресурс]",
	howpublished="Режим доступа: \url{https://releases.ubuntu.com/24.04/} (дата обращения: 15.09.2024)"
}

@misc{linux,
	title="Linux [Электронный ресурс]",
	howpublished="Режим доступа: \url{https://www.linux.org} (дата обращения: 15.09.2024)"
}


@misc{intel,
	title="Core i5-13420H: технические характеристики и тесты [Электронный ресурс]",
	howpublished="Режим доступа: \url{https://technical.city/ru/cpu/Core-i5-13420H} (дата обращения: 15.09.2024)"
}